@article {RefWork:1,
    author  = {Berry\& M. J. A\& John Wiley \& Sons},
    title   = {Data Mining Techniques: For Marketing, Sales, \& Customer Relationship Management},
    journal = {Data Mining Techniques},
    year    = {2012},
    ages = {888},
    note = {The leading introductory book on data mining, fully updated and revised!
When Berry and Linoff wrote the first edition of Data Mining Techniques in the late 1990s, data mining was just starting to move out of the lab and into the office and has since grown to become an indispensable tool of modern business},
    url = {https://books.google.co.uk/books?id=Ni5nMDO1OfEC&source=gbs_navlinks_s}
}
@article {RefWork:2,
    author  = {Feldman\& Ronen\& Sanger\& James\& Ronen Feldman \& James Sanger},
    title   = {The Text Mining Handbook: Advanced Approaches in Analyzing Unstructured Data},
    journal = {The text mining handbook},
    year    = {2007},
    volume =  {6},
    pages = {410-420},
    note    = {Knowledge Management, Databases and Data Mining, Computer Science, Computational Statistics, Machine Learning, Information Science, Statistics and Probability}
}