@article {1,
    author  = "Berry, M. J. A, John Wiley \& Sons",
    title   = "Data Mining Techniques",
    journal = "Data Mining Techniques",
    year    = "2012",
    note    = "For Marketing, Sales, and Customer Support."
}
@article {2,
    author  = "Feldman, R., \& Sanger, J.",
    title   = "The text mining handbook",
    journal = "The text mining handbook",
    year    = "2007",
    note    = "advanced approaches in analyzing unstructured data."
}